@article{satoshi2008peer,
  title={Bitcoin: A peer-to-peer electronic cash system},
  author={Nakamoto, Satoshi},
  journal={Decentralized Business Review},
  pages={21260},
  year={2008}
}

@misc{bitinfocharts,
  author = "{Bitinfocharts}",
  title = "Bitcoin (BTC) statistics - Price, Blocks Count, Difficulty, Hashrate, Value",
  year = "2021 [Online; accessed 12-August-2021]",
  howpublished = "\url{https://bitinfocharts.com/bitcoin/}"
}

@misc{etherscantokentracker,
  author = "{Etherscan}",
  title = "Token Tracker on Etherscan",
  year = "2021 [Online; accessed 12-August-2021]",
  howpublished = "\url{www.etherscan.io/tokens}"
}


@misc{itsadefinition,
  author = "{The ITSA}",
  title = "International Token Standardization Association - Home",
  year = "2021 [Online; accessed 12-August-2021]",
  howpublished = "\url{https://my.itsa.global/what-we-do}"
}

@misc{geckoDefiIndexByCap,
  author = "{CoinGecko}",
  title = "Top DeFi Index Coins by Market Capitalization",
  year = "2021 [Online; accessed 12-August-2021]",
  howpublished = "\url{https://www.coingecko.com/en/categories/defi-index}"
}

@article{setprotocolwhitepaper,
  title="{Set: A Protocol for Baskets of Tokenized Assets}",
  author={Feng, Felix and Weickmann, Brian},
  journal={white paper},
}

@misc{tokensetsExplore,
  author = "{TokenSets}",
  title = "Explore Sets and products created on Set Protocol.",
  year = "2021 [Online; accessed 12-August-2021]",
  howpublished = "\url{https://www.tokensets.com/explore}"
}




@misc{itcDocs,
  author = "{The International Token Standardization Association (ITSA)}",
  title = "International Token Classification (ITC) - Framework Documentation",
  year = "2021",
}

@misc{herstein1969topics,
  title={Topics in Algebra-Walthan},
  author={Herstein, IN},
  year={1969},
  publisher={Blaisdell}
}

@article{abramson1970more,
  title={More birthday surprises},
  author={Abramson, Morton and Moser, WOJ},
  journal={The American Mathematical Monthly},
  volume={77},
  number={8},
  pages={856--858},
  year={1970},
  publisher={Taylor \& Francis}
}

@article{duong2009flickr,
  title={Flickr’s api signature forgery vulnerability},
  author={Duong, Thai and Rizzo, Juliano},
  journal={Tech. Rep.},
  year={2009}
}


@inproceedings{haber1990time,
  title={How to time-stamp a digital document},
  author={Haber, Stuart and Stornetta, W Scott},
  booktitle={Conference on the Theory and Application of Cryptography},
  pages={437--455},
  year={1990},
  organization={Springer}
}

@incollection{bayer1993improving,
  title={Improving the efficiency and reliability of digital time-stamping},
  author={Bayer, Dave and Haber, Stuart and Stornetta, W Scott},
  booktitle={Sequences Ii},
  pages={329--334},
  year={1993},
  publisher={Springer}
}

@article{swan2017anticipating,
  title={Anticipating the economic benefits of blockchain},
  author={Swan, Melanie},
  journal={Technology innovation management review},
  volume={7},
  number={10},
  pages={6--13},
  year={2017},
  publisher={Talent First Network}
}

@book{swan2015blockchain,
  title={Blockchain: Blueprint for a new economy},
  author={Swan, Melanie},
  year={2015},
  publisher={" O'Reilly Media, Inc."}
}

@article{stern2000napster,
  title={Napster: a walking copyright infringement?},
  author={Stern, Richard},
  journal={IEEE micro},
  volume={20},
  number={6},
  pages={4--5},
  year={2000},
  publisher={IEEE}
}

@book{narayanan2016bitcoin,
  title={Bitcoin and cryptocurrency technologies: a comprehensive introduction},
  author={Narayanan, Arvind and Bonneau, Joseph and Felten, Edward and Miller, Andrew and Goldfeder, Steven},
  year={2016},
  publisher={Princeton University Press}
}

@misc{enwiki:1029031919,
    author = "{Wikipedia contributors}",
    title = "Hash function --- {Wikipedia}{,} The Free Encyclopedia",
    year = "2021",
    url = "https://en.wikipedia.org/w/index.php?title=Hash_function&oldid=1029031919",
    note = "[Online; accessed 20-June-2021]"
}

@book{menezes1997handbook,
  title={Handbook of applied cryptography},
  author={Menezes, Alfred J and Van Oorschot, Paul C and Vanstone, Scott A},
  year={1997},
  publisher={CRC press}
}

@article{henderson1976cryptography,
  title={Cryptography and Complexity},
  author={Henderson, Tim},
  journal={Department of Electrical Engineering and Computer Science, Case Western Reserve University},
  pages={1--17},
  year={1976}
}

@misc{enwiki:1023993405,
    author = "{Wikipedia contributors}",
    title = "Hash collision --- {Wikipedia}{,} The Free Encyclopedia",
    year = "2021",
    url = "https://en.wikipedia.org/w/index.php?title=Hash_collision&oldid=1023993405",
    note = "[Online; accessed 21-June-2021]"
}

@article{aghanim2020planck,
  title={Planck 2018 results-VI. Cosmological parameters},
  author={Aghanim, Nabila and Akrami, Yashar and Ashdown, M and Aumont, J and Baccigalupi, C and Ballardini, M and Banday, AJ and Barreiro, RB and Bartolo, N and Basak, S and others},
  journal={Astronomy \& Astrophysics},
  volume={641},
  pages={A6},
  year={2020},
  publisher={EDP sciences}
}

@article{rioul2018primer,
  title={This is it: A primer on Shannon’s entropy and information},
  author={Rioul, Olivier and LTCI, TP},
  journal={L'Information, Seminaire Poincare},
  volume={23},
  pages={43--77},
  year={2018}
}

@book{wirth1985algorithms,
  title={Algorithms \& data structures},
  author={Wirth, Niklaus},
  year={1985},
  publisher={Prentice-Hall, Inc.}
}

@misc{merkle1982method,
  title={Method of providing digital signatures},
  author={Merkle, Ralph C},
  year={1982},
  month=jan # "~5",
  publisher={Google Patents},
  note={US Patent 4,309,569}
}

@inproceedings{merkle1987digital,
  title={A digital signature based on a conventional encryption function},
  author={Merkle, Ralph C},
  booktitle={Conference on the theory and application of cryptographic techniques},
  pages={369--378},
  year={1987},
  organization={Springer}
}

@book{knuth1998vol3,
    author = {Knuth, Donald E.},
    title = {The Art of Computer Programming, Volume 3: (2nd Ed.) Sorting and Searching},
    year = {1998},
    isbn = {0201896850},
    publisher = {Addison Wesley Longman Publishing Co., Inc.},
    address = {USA}
}

@article{fox2001peer,
  title={Peer-to-peer networks},
  author={Fox, Geoffrey},
  journal={Computing in Science \& Engineering},
  volume={3},
  number={3},
  pages={75--77},
  year={2001},
  publisher={IEEE}
}


@article{lamport1982byzantine,
	author = {Lamport, Leslie and Shostak, Robert and Pease, Marshall},
	title = {The Byzantine Generals Problem},
	year = {1982},
	issue_date = {July 1982},
	publisher = {Association for Computing Machinery},
	address = {New York, NY, USA},
	volume = {4},
	number = {3},
	issn = {0164-0925},
	url = {https://doi.org/10.1145/357172.357176},
	doi = {10.1145/357172.357176},
	journal = {ACM Trans. Program. Lang. Syst.},
	month = jul,
	pages = {382–401},
	numpages = {20}
}

@article{castro2002practical,
  title={Practical Byzantine fault tolerance and proactive recovery},
  author={Castro, Miguel and Liskov, Barbara},
  journal={ACM Transactions on Computer Systems (TOCS)},
  volume={20},
  number={4},
  pages={398--461},
  year={2002},
  publisher={ACM New York, NY, USA}
}

@inproceedings{ailijiang2016consensus,
  title={Consensus in the cloud: Paxos systems demystified},
  author={Ailijiang, Ailidani and Charapko, Aleksey and Demirbas, Murat},
  booktitle={2016 25th International Conference on Computer Communication and Networks (ICCCN)},
  pages={1--10},
  year={2016},
  organization={IEEE}
}

@article{lamport2001paxos,
  title={Paxos made simple},
  author={Lamport, Leslie and others},
  journal={ACM Sigact News},
  volume={32},
  number={4},
  pages={18--25},
  year={2001}
}

@article{ongaro2015raft,
  title={The raft consensus algorithm},
  author={Ongaro, Diego and Ousterhout, John},
  year={2015},
  publisher={March}
}

@inproceedings{luu2016secure,
  title={A secure sharding protocol for open blockchains},
  author={Luu, Loi and Narayanan, Viswesh and Zheng, Chaodong and Baweja, Kunal and Gilbert, Seth and Saxena, Prateek},
  booktitle={Proceedings of the 2016 ACM SIGSAC Conference on Computer and Communications Security},
  pages={17--30},
  year={2016}
}

@inproceedings{douceur2002sybil,
  title={The sybil attack},
  author={Douceur, John R},
  booktitle={International workshop on peer-to-peer systems},
  pages={251--260},
  year={2002},
  organization={Springer}
}

@article{natoli2019deconstructing,
  title={Deconstructing blockchains: A comprehensive survey on consensus, membership and structure},
  author={Natoli, Christopher and Yu, Jiangshan and Gramoli, Vincent and Esteves-Verissimo, Paulo},
  journal={arXiv preprint arXiv:1908.08316},
  year={2019}
}

@inproceedings{dwork1992pricing,
  title={Pricing via processing or combatting junk mail},
  author={Dwork, Cynthia and Naor, Moni},
  booktitle={Annual international cryptology conference},
  pages={139--147},
  year={1992},
  organization={Springer}
}

@incollection{jakobsson1999proofs,
  title={Proofs of work and bread pudding protocols},
  author={Jakobsson, Markus and Juels, Ari},
  booktitle={Secure information networks},
  pages={258--272},
  year={1999},
  publisher={Springer}
}

@article{back2002hashcash,
  title={Hashcash-a denial of service counter-measure},
  author={Back, Adam and others},
  year={2002}
}

@article{abadi2005moderately,
  title={Moderately hard, memory-bound functions},
  author={Abadi, Martin and Burrows, Mike and Manasse, Mark and Wobber, Ted},
  journal={ACM Transactions on Internet Technology (TOIT)},
  volume={5},
  number={2},
  pages={299--327},
  year={2005},
  publisher={ACM New York, NY, USA}
}

@inproceedings{dwork2003memory,
  title={On memory-bound functions for fighting spam},
  author={Dwork, Cynthia and Goldberg, Andrew and Naor, Moni},
  booktitle={Annual International Cryptology Conference},
  pages={426--444},
  year={2003},
  organization={Springer}
}

@online{bitcoin2021nbits,
  author = {Bitcoin developers},
  title = {Target nBits},
  year = 2021,
  url = {https://developer.bitcoin.org/reference/block_chain.html#target-nbits},
  urldate = {2021-07-07}
}

@online{bitcoin2021nbits,
  author = {Bitcoin developers},
  title = {Target nBits},
  year = 2021,
  url = {https://developer.bitcoin.org/reference/block_chain.html#target-nbits},
  urldate = {2021-07-07}
}


@article{buterin2014next,
  title={A next-generation smart contract and decentralized application platform},
  author={Buterin, Vitalik and others},
  journal={white paper},
  volume={3},
  number={37},
  year={2014}
}

@article{lopez2000overview,
  title={An overview of elliptic curve cryptography},
  author={Lopez, Julio and Dahab, Ricardo},
  year={2000},
  publisher={Citeseer}
}

@techreport{malladi2002preventing,
  title={On preventing replay attacks on security protocols},
  author={Malladi, Sreekanth and Alves-Foss, Jim and Heckendorn, Robert B},
  year={2002},
  institution={IDAHO UNIV MOSCOW DEPT OF COMPUTER SCIENCE}
}

@inproceedings{kalodner2015empirical,
  title={An Empirical Study of Namecoin and Lessons for Decentralized Namespace Design.},
  author={Kalodner, Harry A and Carlsten, Miles and Ellenbogen, Paul and Bonneau, Joseph and Narayanan, Arvind},
  booktitle={WEIS},
  year={2015},
  organization={Citeseer}
}

@article{wood2014ethereum,
  title={Ethereum: A secure decentralised generalised transaction ledger},
  author={Wood, Gavin and others},
  journal={Ethereum project yellow paper},
  volume={151},
  number={2014},
  pages={1--32},
  year={2014}
}

@book{antonopoulos2018mastering,
  title={Mastering ethereum: building smart contracts and dapps},
  author={Antonopoulos, Andreas M and Wood, Gavin},
  year={2018},
  publisher={O'reilly Media}
}

@book{antonopoulos2017mastering,
  title={Mastering Bitcoin: Programming the open blockchain},
  author={Antonopoulos, Andreas M},
  year={2017},
  publisher={" O'Reilly Media, Inc."}
}

 @misc{ethaccounts, 
 	title={Ethereum accounts}, 
 	url={https://ethereum.org/en/developers/docs/accounts/}, 
 	journal={Ethereum documentation},
 	publisher={ethereum.org}, 
 	author={Ethereum Community}
 } 

 @misc{crypto4dev, 
 	title={Practical Cryptography for Developers}, 
 	url={https://cryptobook.nakov.com/digital-signatures/ecdsa-sign-verify-messages}, 
 	publisher={ethereum.org}, 
 	author={Svetlin Nakov}
 }

 @misc{soldocs_sollayout, 
 	title={Solidity Documentation: Layout of a Solidity Source File}, 
 	url={https://docs.soliditylang.org/en/v0.8.0/layout-of-source-files.html},  
 	author={Solidity Team}
 }


 @misc{soldocs_scintro, 
 	title={Solidity Documentation: Introduction to Smart Contracts}, 
 	url={https://docs.soliditylang.org/en/v0.8.0/introduction-to-smart-contracts.html},  
 	author={Solidity Team}
 }
 
 @misc{team2019scalable,
  title={A scalable architecture for on-demand, untrusted delivery of entropy},
  author={Team, Provable Data},
  year={2019},
  publisher={Mar}
}

@misc{breidenbach2021chainlink,
  title={Chainlink 2.0: Next Steps in the Evolution of Decentralized Oracle Networks},
  author={Breidenbach, Lorenz and Cachin, Christian and Chan, Benedict and Coventry, Alex and Ellis, Steve and Juels, Ari and Koushanfar, Farinaz and Miller, Andrew and Magauran, Brendan and Moroz, Daniel and others},
  year={2021}
}

@misc{soldocs_event, 
	title={Solidity Documentation: Contracts}, 
	url={https://docs.soliditylang.org/en/v0.8.0/contracts.html},  
 	author={"Solidity Team"}
}

@article{vogelsteller2018erc,
  title={ERC-20 token standard, 2015},
  author={Vogelsteller, Fabian and Buterin, Vitalik},
  journal={URL https://github.com/ethereum/EIPs/blob/master/EIPS/eip-20-token-standard.md},
  year={2018}
}


@misc{jdourlens,
  title={Understand the ERC-20 token smart contract},
  author={ethereum.org},
  howpublished={\url{https://ethereum.org/en/developers/tutorials/understand-the-erc-20-token-smart-contract/}},
  year={2020 [Online; accessed 19 May 2021]}
}

@misc{eth_tokenstd,
  title={Token standard},
  author={ethereum.org},
  howpublished = {\url{https://ethereum.org/en/developers/docs/standards/tokens/}},
  year={2020 [Online; accessed 24 June 2021]},
}

@article{beniiche2020study,
  title={A study of blockchain oracles},
  author={Beniiche, Abdeljalil},
  journal={arXiv preprint arXiv:2004.07140},
  year={2020}
}

@inproceedings{mita2019stablecoin,
  title={What is stablecoin?: A survey on price stabilization mechanisms for decentralized payment systems},
  author={Mita, Makiko and Ito, Kensuke and Ohsawa, Shohei and Tanaka, Hideyuki},
  booktitle={2019 8th International Congress on Advanced Applied Informatics (IIAI-AAI)},
  pages={60--66},
  year={2019},
  organization={IEEE}
}

@article{al2020trustworthy,
  title={Trustworthy blockchain oracles: Review, comparison, and open research challenges},
  author={Al-Breiki, Hamda and Rehman, Muhammad Habib Ur and Salah, Khaled and Svetinovic, Davor},
  journal={IEEE Access},
  volume={8},
  pages={85675--85685},
  year={2020},
  publisher={IEEE}
}

@article{caldarelli2020understanding,
  title={Understanding the blockchain oracle problem: a call for action},
  author={Caldarelli, Giulio},
  journal={Information},
  volume={11},
  number={11},
  pages={509},
  year={2020},
  publisher={Multidisciplinary Digital Publishing Institute}
}

@article{schelling1958strategy,
  title={The strategy of conflict. Prospectus for a reorientation of game theory},
  author={Schelling, Thomas C},
  journal={Journal of Conflict Resolution},
  volume={2},
  number={3},
  pages={203--264},
  year={1958},
  publisher={Sage Publications Sage CA: Thousand Oaks, CA}
}

@misc{investopediaExchangeDef,
  title={Exchange Definition},
  author={Will Kenton},
  howpublished={\url{https://www.investopedia.com/terms/e/exchange.asp}},
  year={2020 [Online; accessed 25 June 2021]}
}


@misc{wikiExchangeDef,
  author = "{Wikipedia contributors}",
  title = "Exchange (organized market) --- {Wikipedia}{,} The Free Encyclopedia",
  year = "2021",
  howpublished = "\url{https://en.wikipedia.org/w/index.php?title=Exchange_(organized_market)&oldid=1028855208}",
  note = "[Online; accessed 25-July-2021]"
}


@misc{wikiCryptoExchange,
  author = "{Wikipedia contributors}",
  title = "Cryptocurrency exchange --- {Wikipedia}{,} The Free Encyclopedia",
  year = "2021",
  howpublished = "\url{https://en.wikipedia.org/w/index.php?title=Cryptocurrency_exchange&oldid=1023173674}",
  note = "[Online; accessed 25-July-2021]"
}

@misc{cryptopediaCEXState,
  author = "{Cryptopedia Staff}",
  title = "The State of Centralized Exchanges",
  year = "2021 [Online; accessed 26-July-2021]",
  howpublished = "\url{https://www.gemini.com/cryptopedia/centralized-exchanges-crypto}",
}


@article{chohan2018problems,
  title={The problems of cryptocurrency thefts and exchange shutdowns},
  author={Chohan, Usman W},
  journal={Available at SSRN 3131702},
  year={2018}
}

@misc{cryptohack1718,
  author = "{Pierluigi Paganini}",
  title = "Group-IB has estimated that crypto exchanges suffered a total loss of \$882 million due to targeted attacks between 2017 and 2018",
  year = "2018",
  howpublished = "\url{http://securityaffairs.co/wordpress/77213/hacking/cyber-attacks-crypto-exchanges.html}",
  note = "[Online; accessed 26-July-2021]"
}

@misc{binance2019hack,
  author = "{Binance}",
  title = "Binance Security Breach Update",
  year = "2021",
  howpublished = "\url{https://www.binance.com/en/support/announcement/360028031711}",
  note = "[Online; accessed 26-July-2021]"
}


@inproceedings{moore2013beware,
  title={Beware the middleman: Empirical analysis of Bitcoin-exchange risk},
  author={Moore, Tyler and Christin, Nicolas},
  booktitle={International Conference on Financial Cryptography and Data Security},
  pages={25--33},
  year={2013},
  organization={Springer}
}

@article{gandal2018price,
  title={Price manipulation in the Bitcoin ecosystem},
  author={Gandal, Neil and Hamrick, JT and Moore, Tyler and Oberman, Tali},
  journal={Journal of Monetary Economics},
  volume={95},
  pages={86--96},
  year={2018},
  publisher={Elsevier}
}


@article{lo2020uniswap,
  title={Uniswap and the rise of the decentralized exchange},
  author={Lo, Yuen C and Medda, Francesca},
  journal={Available at SSRN 3715398},
  year={2020}
}

@misc{investopediaWhatCEXs,
  title={What Are Centralized Cryptocurrency Exchanges?},
  author={Nathan Reiff},
  howpublished={\url{https://www.investopedia.com/tech/what-are-centralized-cryptocurrency-exchanges/}},
  year={2021 [Online; accessed 26 July 2021]}
}

@misc{wikiDEX,
  author = "{Wikipedia contributors}",
  title = "Decentralized exchange --- {Wikipedia}{,} The Free Encyclopedia",
  year = "2021 [Online; accessed 26-July-2021]",
  howpublished = "\url{https://en.wikipedia.org/w/index.php?title=Decentralized_exchange&oldid=1033576315}",
}


@article{sommerville2011software,
  title={Software engineering 9th Edition},
  author={Sommerville, Ian},
  journal={ISBN-10},
  volume={137035152},
  pages={18},
  year={2011}
}

@book{wiegers2013software,
  title={Software requirements},
  author={Wiegers, Karl and Beatty, Joy},
  year={2013},
  publisher={Pearson Education}
}

@book{pressman2005software,
  title={Software engineering: a practitioner's approach},
  author={Pressman, Roger S},
  year={2005},
  publisher={Palgrave macmillan}
}

@misc{adminKeysDefiProtocol,
  author = "{Joshua Mapperson}",
  title = "How many DeFi projects still have ‘God Mode’ admin keys? More than you think",
  year = "2020 [Online; accessed 27-July-2021]",
  howpublished = "\url{https://cointelegraph.com/news/how-many-defi-projects-still-have-god-mode-admin-keys-more-than-you-think}",
}

@book{robertInvestmentConcepts,
  title={Investment: Concepts, Analysis, Strategy},
  author={Robert C., Radcliffe},
  year={1997},
  pages={134},
  publisher="{Addison-Wesley Educational Publishers, Inc.}"
}


@misc{vladimirov2018erc20,
  title={ERC20 API: an attack vector on approve/transferfrom methods},
  author={Vladimirov, M and Khovratovich, D},
  year={2018}
}

@article{young1998minimax,
  title={A minimax portfolio selection rule with linear programming solution},
  author={Young, Martin R},
  journal={Management science},
  volume={44},
  number={5},
  pages={673--683},
  year={1998},
  publisher={INFORMS}
}

@article{goldfarb2003robust,
  title={Robust portfolio selection problems},
  author={Goldfarb, Donald and Iyengar, Garud},
  journal={Mathematics of operations research},
  volume={28},
  number={1},
  pages={1--38},
  year={2003},
  publisher={INFORMS}
}


@article{li2000optimal,
  title={Optimal dynamic portfolio selection: Multiperiod mean-variance formulation},
  author={Li, Duan and Ng, Wan-Lung},
  journal={Mathematical finance},
  volume={10},
  number={3},
  pages={387--406},
  year={2000},
  publisher={Wiley Online Library}
}

@misc{HowUniswapWorks,
  author = "{Uniswap Staff}",
  title = "How Uniswap works (Uniswap v2)",
  year = "2021 [Online; accessed 08-July-2021]",
  howpublished = "\url{https://docs.uniswap.org/protocol/V2/concepts/protocol-overview/how-uniswap-works}",
}

@misc{uniswapPricing,
  author = "{Uniswap Staff}",
  title = "Pricing(Uniswap v2)",
  year = "2021 [Online; accessed 08-July-2021]",
  howpublished = "\url{https://docs.uniswap.org/protocol/V2/concepts/advanced-topics/pricing}",
}


@inproceedings{Adams2020UniswapVC,
  title={Uniswap v2 Core},
  author={H. Adams and Noah Zinsmeister and Dan Robinson},
  year={2020}
}

@techreport{adams2021uniswap,
  title={Uniswap v3 core},
  author={Adams, Hayden and Zinsmeister, Noah and Salem, Moody and Keefer, River and Robinson, Dan},
  year={2021},
  institution={Tech. rep., Uniswap}
}

@misc{soloptimizer,
  author = "{Solidity Community}",
  title = "Solidity Documentation: Using the compiler",
  year = "2021 [Online; accessed 21-July-2021]",
  howpublished = "\url{https://docs.soliditylang.org/en/v0.8.0/using-the-compiler.html#optimizer-options}"
}


@misc{currentgasprice,
  author = "{Etherscan}",
  title = "Ethereum Average Gas Price Chart",
  year = "2021 [Online; accessed 22-July-2021]",
  howpublished = "\url{https://etherscan.io/chart/gasprice}"
}

@misc{portfoliorebalancing,
  author = "{Investopedia}",
  title = "Rebalancing",
  year = "2020 [Online; accessed 21-July-2021]",
  howpublished = "\url{https://www.investopedia.com/terms/r/rebalancing.asp/}"
}

@misc{eip170,
  author = "{Vitalik Buterin}",
  title = "EIP-170: Contract code size limit, Ethereum Improvement Proposals, no. 170",
  year = "2016 [Online; accessed 21-July-2021]",
  publisher={Available: \url{https://eips.ethereum.org/EIPS/eip-170}}
}

@misc{eip20,
  author = "{Fabian Vogelsteller, Vitalik Buterin}",
  title = "EIP-20: Token Standard, Ethereum Improvement Proposals, no. 20",
  year = "2015 [Online; accessed 14-July-2021]",
  publisher={Available: \url{https://eips.ethereum.org/EIPS/eip-20}}
}

@article{schwartzkopff2017crypto20,
  title={Crypto20: The first tokenized cryptocurrency index fund},
  author={Schwartzkopff, Daniel and SCHWARTZKOPFF, Luke and Botha, Raymond and Finlayson, Matthew and Cronje, Frans},
  journal={White paper},
  year={2017}
}